<record><leader>00000cas a22000007a 4500</leader><controlfield tag="001">11055924</controlfield><controlfield tag="008">840815d18551885iauwr ne      0    0eng d</controlfield><datafield ind1=" " ind2=" " tag="010"><subfield code="a">sn 84027329 </subfield></datafield><datafield ind1=" " ind2=" " tag="040"><subfield code="a">NPU</subfield><subfield code="b">eng</subfield><subfield code="c">NPU</subfield><subfield code="d">NPX</subfield><subfield code="d">NPH</subfield><subfield code="d">INP</subfield><subfield code="d">OCLCQ</subfield></datafield><datafield ind1=" " ind2=" " tag="042"><subfield code="a">msc</subfield></datafield><datafield ind1="0" ind2="4" tag="245"><subfield code="a">The Weekly Oskaloosa herald.</subfield></datafield><datafield ind1="1" ind2="3" tag="246"><subfield code="a">Weekly herald</subfield></datafield><datafield ind1="1" ind2="3" tag="246"><subfield code="a">Oskaloosa herald</subfield></datafield><datafield ind1=" " ind2=" " tag="260"><subfield code="a">Oskaloosa, Iowa :</subfield><subfield code="b">J.R. Needham &amp; J.H. Knox,</subfield><subfield code="c">1855-1885.</subfield></datafield><datafield ind1=" " ind2=" " tag="300"><subfield code="a">32 v. :</subfield><subfield code="b">ill. ;</subfield><subfield code="c">76 cm.</subfield></datafield><datafield ind1=" " ind2=" " tag="310"><subfield code="a">Weekly</subfield></datafield><datafield ind1="0" ind2=" " tag="362"><subfield code="a">Vol. 5, no. 40 (June 1, 1855)-v. 36, no. 35 (Apr. 23, 1885).</subfield></datafield><datafield ind1=" " ind2=" " tag="500"><subfield code="a">Publisher varies.</subfield></datafield><datafield ind1=" " ind2=" " tag="500"><subfield code="a">Editors: J.R. Needham &amp; J.M. Brown, &lt;1856&gt;; C.W. Fisher, H.C. Leighton, W.H. Needham, &lt;1866&gt;; Leighton &amp; Needham, &lt;1873-1876&gt;.</subfield></datafield><datafield ind1=" " ind2=" " tag="515"><subfield code="a">Issues for June 1, 1855-&lt;June 10, 1859&gt; called also whole no. 248-&lt;454&gt;.</subfield></datafield><datafield ind1=" " ind2=" " tag="752"><subfield code="a">United States</subfield><subfield code="b">Iowa</subfield><subfield code="c">Mahaska</subfield><subfield code="d">Oskaloosa.</subfield></datafield><datafield ind1="0" ind2=" " tag="775"><subfield code="t">Saturday herald (Oskaloosa, Iowa : 1884)</subfield><subfield code="w">(DLC)sn 88060180</subfield><subfield code="g">July 19, 1884-1885</subfield></datafield><datafield ind1="0" ind2="0" tag="780"><subfield code="t">Oskaloosa herald (Oskaloosa, Iowa : 1850)</subfield><subfield code="w">(DLC)sn 86083456</subfield></datafield><datafield ind1="0" ind2="0" tag="785"><subfield code="t">Oskaloosa herald (Oskaloosa, Iowa : 1885)</subfield><subfield code="w">(DLC)sn 87058308</subfield></datafield><datafield ind1="1" ind2=" " tag="029"><subfield code="a">AU@</subfield><subfield code="b">000025788784</subfield></datafield></record>